@inproceedings{sgxsidechannel,
  title={Software Grand Exposure:$\{$SGX$\}$ Cache Attacks Are Practical},
  author={Brasser, Ferdinand and M{\"u}ller, Urs and Dmitrienko, Alexandra and Kostiainen, Kari and Capkun, Srdjan and Sadeghi, Ahmad-Reza},
  booktitle={11th $\{$USENIX$\}$ Workshop on Offensive Technologies ($\{$WOOT$\}$ 17)},
  year={2017}
}

@inproceedings{partition:sgx:securecomm15,

  title={Securing application with software partitioning: A case study using SGX},

  author={Atamli-Reineh, Ahmad and Martin, Andrew},

  booktitle={International Conference on Security and Privacy in Communication Systems},

  pages={605--621},

  year={2015},

  organization={Springer}

}

@inproceedings{anati2013innovative,
  title={Innovative technology for CPU based attestation and sealing},
  author={Anati, Ittai and Gueron, Shay and Johnson, Simon and Scarlata, Vincent},
  booktitle={Proceedings of the 2nd international workshop on hardware and architectural support for security and privacy},
  volume={13},
  year={2013},
  organization={ACM New York, NY, USA}
}

@inproceedings{winter2008trusted,
  title={Trusted computing building blocks for embedded linux-based ARM trustzone platforms},
  author={Winter, Johannes},
  booktitle={Proceedings of the 3rd ACM workshop on Scalable trusted computing},
  pages={21--30},
  year={2008},
  organization={ACM}
}

@article{sgxexplained,
  title={Intel SGX Explained.},
  author={Costan, Victor and Devadas, Srinivas},
  journal={IACR Cryptology ePrint Archive},
  volume={2016},
  number={086},
  pages={1--118},
  year={2016}
}

@inproceedings{securesgx:systex16,

  title={Developing Secure SGX Enclaves: New Challenges on the Horizon},

  author={Strackx, Raoul and Piessens, Frank},

  booktitle={Proceedings of the 1st Workshop on System Software for Trusted Execution},

  pages={3},

  year={2016},

  organization={ACM}

}

@inproceedings{karande2017sgx,
  title={Sgx-log: Securing system logs with sgx},
  author={Karande, Vishal and Bauman, Erick and Lin, Zhiqiang and Khan, Latifur},
  booktitle={Proceedings of the 2017 ACM on Asia Conference on Computer and Communications Security},
  pages={19--30},
  year={2017},
  organization={ACM}
}

@inproceedings{enclavedb:sp18,

  title={EnclaveDB: A Secure Database using SGX},

  author={Priebe, Christian and Vaswani, Kapil and Costa, Manuel},

  booktitle={EnclaveDB: A Secure Database using SGX},

  pages={0},

  year={2018},

  organization={IEEE}

}
@inproceedings{alder2018migrating,
  title={Migrating SGX Enclaves with Persistent State},
  author={Alder, Fritz and Kurnikov, Arseny and Paverd, Andrew and Asokan, N},
  booktitle={2018 48th Annual IEEE/IFIP International Conference on Dependable Systems and Networks (DSN)},
  pages={195--206},
  year={2018},
  organization={IEEE}
}

@misc{rozas2013intel,
  title={Intel{\textregistered} Software Guard Extensions (Intel{\textregistered} SGX)},
  author={Rozas, Carlos},
  year={2013},
  publisher={Citeseer}
}

@article{seeger2009key,
  title={Key-Value stores: a practical overview},
  author={Seeger, Marc and Ultra-Large-Sites, S},
  journal={Computer Science and Media, Stuttgart},
  year={2009}
}

@article{paksula2010persisting,
  title={Persisting objects in redis key-value database},
  author={Paksula, Matti},
  journal={University of Helsinki, Department of Computer Science},
  year={2010}
}

@inproceedings{shinde2017panoply,
  title={Panoply: Low-TCB Linux Applications With SGX Enclaves.},
  author={Shinde, Shweta and Le Tien, Dat and Tople, Shruti and Saxena, Prateek},
  booktitle={NDSS},
  year={2017}
}

@inproceedings{strackx2016ariadne,
  title={Ariadne: A minimal approach to state continuity},
  author={Strackx, Raoul and Piessens, Frank},
  booktitle={25th $\{$USENIX$\}$ Security Symposium ($\{$USENIX$\}$ Security 16)},
  pages={875--892},
  year={2016}
}

@inproceedings{hunt2010zookeeper,
  title={ZooKeeper: Wait-free Coordination for Internet-scale Systems.},
  author={Hunt, Patrick and Konar, Mahadev and Junqueira, Flavio Paiva and Reed, Benjamin},
  booktitle={USENIX annual technical conference},
  volume={8},
  number={9},
  year={2010},
  organization={Boston, MA, USA}
}

@article{skorobogatov2016bumpy,
  title={The bumpy road towards iPhone 5c NAND mirroring},
  author={Skorobogatov, Sergei},
  journal={arXiv preprint arXiv:1609.04327},
  year={2016}
}

@inproceedings{bailleu2019speicher,
  title={$\{$SPEICHER$\}$: Securing LSM-based Key-Value Stores using Shielded Execution},
  author={Bailleu, Maurice and Thalheim, J{\"o}rg and Bhatotia, Pramod and Fetzer, Christof and Honda, Michio and Vaswani, Kapil},
  booktitle={17th $\{$USENIX$\}$ Conference on File and Storage Technologies ($\{$FAST$\}$ 19)},
  pages={173--190},
  year={2019}
}

@inproceedings{matetic2017rote,
  title={$\{$ROTE$\}$: Rollback Protection for Trusted Execution},
  author={Matetic, Sinisa and Ahmed, Mansoor and Kostiainen, Kari and Dhar, Aritra and Sommer, David and Gervais, Arthur and Juels, Ari and Capkun, Srdjan},
  booktitle={26th $\{$USENIX$\}$ Security Symposium ($\{$USENIX$\}$ Security 17)},
  pages={1289--1306},
  year={2017}
}

@inproceedings{brenner2016securekeeper,
  title={Securekeeper: confidential zookeeper using intel sgx},
  author={Brenner, Stefan and Wulf, Colin and Goltzsche, David and Weichbrodt, Nico and Lorenz, Matthias and Fetzer, Christof and Pietzuch, Peter and Kapitza, R{\"u}diger},
  booktitle={Proceedings of the 17th International Middleware Conference},
  pages={14},
  year={2016},
  organization={ACM}
}

@inproceedings{bhatotia2012shredder,
  title={Shredder: GPU-accelerated incremental storage and computation.},
  author={Bhatotia, Pramod and Rodrigues, Rodrigo and Verma, Akshat},
  booktitle={FAST},
  volume={14},
  pages={14},
  year={2012}
}

@article{santos2009towards,
  title={Towards Trusted Cloud Computing.},
  author={Santos, Nuno and Gummadi, Krishna P and Rodrigues, Rodrigo},
  journal={HotCloud},
  volume={9},
  number={9},
  pages={3},
  year={2009}
}


@inproceedings{gunawi2014bugs,
  title={What bugs live in the cloud? a study of 3000+ issues in cloud systems},
  author={Gunawi, Haryadi S and Hao, Mingzhe and Leesatapornwongsa, Tanakorn and Patana-anake, Tiratat and Do, Thanh and Adityatama, Jeffry and Eliazar, Kurnia J and Laksono, Agung and Lukman, Jeffrey F and Martin, Vincentius and others},
  booktitle={Proceedings of the ACM Symposium on Cloud Computing},
  pages={1--14},
  year={2014},
  organization={ACM}
}



@inproceedings{lu2013study,
  title={A study of Linux file system evolution},
  author={Lu, Lanyue and Arpaci-Dusseau, Andrea C and Arpaci-Dusseau, Remzi H and Lu, Shan},
  booktitle={Presented as part of the 11th $\{$USENIX$\}$ Conference on File and Storage Technologies ($\{$FAST$\}$ 13)},
  pages={31--44},
  year={2013}
}










